<?xml version="1.0" encoding="UTF-8"?><collection xmlns="http://www.loc.gov/MARC21/slim"><record><leader>00410nam--2200145-i-4500</leader><controlfield tag="001">000040679</controlfield><controlfield tag="002">20161230</controlfield><controlfield tag="005">20161230201042</controlfield><controlfield tag="008">060222s1000------------r-----000-0-eng-d</controlfield><datafield ind1=" " ind2=" " tag="080"><subfield code="a">517.968.48</subfield></datafield><datafield ind1="1" ind2=" " tag="100"><subfield code="a">Schetzen, Martin</subfield></datafield><datafield ind1="1" ind2="0" tag="245"><subfield code="a">The volterra and wiener theories of nonlinear systems</subfield></datafield><datafield ind1=" " ind2=" " tag="260"><subfield code="a">New York, John Wiley And Sons, 1980, Xvi + 531p</subfield></datafield><datafield ind1=" " ind2=" " tag="852"><subfield code="a">73937</subfield><subfield code="c">517.9</subfield></datafield><datafield ind1=" " ind2=" " tag="CAT"><subfield code="a">Sys</subfield><subfield code="c">20090506</subfield><subfield code="h">143609</subfield></datafield></record></collection>